@article{Bankov2017,
author = {Bankov, Dmitry and Khorov, Evgeny and Lyakhov, Andrey},
doi = {10.1109/WoWMoM.2017.7974300},
file = {:home/kien/Documents/temp/LoraWan{\_}20172/paper{\_}refs/Mathematical	model	of	LoRaWAN	channel	access*.pdf:pdf},
isbn = {9781538627228},
journal = {18th IEEE International Symposium on A World of Wireless, Mobile and Multimedia Networks, WoWMoM 2017 - Conference},
keywords = {ALOHA,Channel Access,LPWAN,LoRa,LoRaWAN,Performance Evaluation},
mendeley-groups = {project2},
number = {June},
title = {{Mathematical model of LoRaWAN channel access}},
year = {2017}
}




@article{DeCarvalhoSilva2017,
author = {{De Carvalho Silva}, J and Rodrigues, J J P C and Alberti, A M and Solic, P and Aquino, A L L},
doi = {10.1109/ATSIP.2017.8075570},
file = {:home/kien/Documents/temp/LoraWan{\_}20172/paper{\_}refs/LoRaWAN-ALowPowerWANProtocolforInternetofThings-aReviewandOpportunities.pdf:pdf},
isbn = {9789532900712},
journal = {2017 2nd International Multidisciplinary Conference on Computer and Energy Science (SpliTech)},
keywords = {Bandwidth,Batteries,Downlink,Logic gates,Power dem},
mendeley-groups = {project2},
number = {July},
pages = {1--6},
title = {{LoRaWAN - A low power WAN protocol for Internet of Things: A review and opportunities}},
year = {2017}
}

@article{Ferre2017,
author = {Ferr{\'{e}}, Guillaume},
doi = {10.23919/EUSIPCO.2017.8081678},
file = {:home/kien/Documents/temp/LoraWan{\_}20172/paper{\_}refs/Collision and Packet Loss Analysis in a LoRaWAN
Network*.pdf:pdf},
isbn = {9780992862671},
journal = {25th European Signal Processing Conference, EUSIPCO 2017},
mendeley-groups = {project2},
pages = {2586--2590},
title = {{Collision and packet loss analysis in a LoRaWAN network}},
volume = {2017-January},
year = {2017}
}
@article{Noreen,
author = {Noreen, Umber and Ahcenebounceuruniv-brestfr, Email and Clavier, Laurent},
file = {:home/kien/Documents/temp/LoraWan{\_}20172/paper{\_}refs/A Study of LoRa Low Power and Wide Area
Network Technology*.pdf:pdf},
keywords = {internet of things,lighting,lora t m,lpwan,of nuclear power station,radiation,smart cities,smart waste management,structural health monitor-,weather adaptive street,wireless sensor networks},
mendeley-groups = {project2},
title = {{A Study of LoRa Low Power and Wide Area Network Technology}}
}
@article{Yomas2015,
author = {Yomas, Jerrin},
file = {:home/kien/Documents/temp/LoraWan{\_}20172/paper{\_}refs/A REVIEW ON IoT PROTOCOLS FOR
LONG DISTANCE AND LOW POWER*.pdf:pdf},
keywords = {6lowpan,coap,ipv6,lora,weightless},
mendeley-groups = {project2},
number = {6},
pages = {344--347},
title = {{A review on IoT protocols for long distance amd low power}},
volume = {5},
year = {2015}
}
@article{Casals2017,
author = {Casals, Llu{\'{i}}s and Mir, Bernat and Vidal, Rafael and Gomez, Carles},
doi = {10.3390/s17102364},
file = {:home/kien/Documents/temp/LoraWan{\_}20172/paper{\_}refs/Modeling the Energy Performance of LoRaWAN.pdf:pdf},
issn = {1424-8220},
journal = {Sensors},
keywords = {energy,energy modeling,internet of things,iot,lora,lorawan,lpwan,performance evaluation,smart cities},
mendeley-groups = {project2},
number = {10},
pages = {2364},
pmid = {29035347},
title = {{Modeling the Energy Performance of LoRaWAN}},
url = {http://www.mdpi.com/1424-8220/17/10/2364},
volume = {17},
year = {2017}
}

@misc{WinNT,
  title = {The rise of the machines - LoRa and the Internet of Things (IoT)},
  howpublished = {\url{https://bit.ly/2qJ5Pp3}},
  note = {Accessed: 2018-04-18}
}

@article{LoRaAlliance2017,
author = {{LoRa Alliance}},
file = {:home/kien/Documents/temp/LoraWan{\_}20172/primary{\_}doc/LoRaWAN{\_}Alliance/LoRaWAN-v1.1.pdf:pdf},
journal = {LoRaWAN™ 1.1 Specification},
mendeley-groups = {LoRa},
number = {2017},
pages = {97331},
title = {{LoRaWAN™ 1.1 Specification}},
year = {2017}
}

@article{Alliance2017,
author = {Alliance, Lora and Ramon, San and Alliance, The Lora},
file = {:home/kien/Documents/temp/LoraWan{\_}20172/primary{\_}doc/LoRaWAN{\_}Alliance/LoRaWAN{\_}Regional{\_}Parametersv1.0.2{\_}final{\_}1944{\_}1.pdf:pdf},
mendeley-groups = {LoRa},
pages = {1--55},
title = {{LoRaWAN™ 1.0.2 Regional Parameters}},
year = {2017}
}
@article{LoRaSpec2016,
author = {{N. Sornin (Semtech), M. Luis (Semtech), T. Eirich (IBM), T. Kramp (IBM)}, O.Hersent (Actility)},
file = {:home/kien/Documents/temp/LoraWan{\_}20172/primary{\_}doc/LoRaWAN{\_}Alliance/LoRaWAN{\_}1.0.2{\_}Spcecification.pdf:pdf},
mendeley-groups = {LoRa},
number = {2016},
pages = {70},
title = {{LoRaWAN Specification 1.0.2}},
year = {2016}
}


@misc{classLoraWAN,
  title = {LoRaWAN - A Low Power WAN Protocol for Internet of Things: a Review and Opportunities},
  howpublished = {\url{https://www.researchgate.net/publication/318866065_LoRaWAN_-_A_Low_Power_WAN_Protocol_for_Internet_of_Things_a_Review_and_Opportunities}},
  note = {Accessed: 2018-04-20}
}

